<?xml version="1.0" encoding="UTF-8"?><record xmlns="http://www.loc.gov/MARC21/slim" xmlns:cinclude="http://apache.org/cocoon/include/1.0" xmlns:zs="http://www.loc.gov/zing/srw/">
  <leader>00602nz  a2200133n  4500</leader>
  <controlfield tag="001">n 2005055164</controlfield>
  <controlfield tag="003">DLC</controlfield>
  <controlfield tag="005">20050727093533.0</controlfield>
  <controlfield tag="008">050727n| acannaabn          |a aaa      </controlfield>
  <datafield tag="010" ind1=" " ind2=" ">
    <subfield code="a">n 2005055164</subfield>
  </datafield>
  <datafield tag="040" ind1=" " ind2=" ">
    <subfield code="a">DLC</subfield>
    <subfield code="b">eng</subfield>
    <subfield code="c">DLC</subfield>
  </datafield>
  <datafield tag="100" ind1="1" ind2=" ">
    <subfield code="a">Atroshenko, Sergeĭ Petrovich,</subfield>
    <subfield code="d">1958-</subfield>
  </datafield>
  <datafield tag="400" ind1="1" ind2=" ">
    <subfield code="a">Atroshenko, S. P.</subfield>
    <subfield code="q">(Sergeĭ Petrovich),</subfield>
    <subfield code="d">1958-</subfield>
  </datafield>
  <datafield tag="670" ind1=" " ind2=" ">
    <subfield code="a">Partii︠a︡ pensionerov (Russia). Partii︠a︡ pensionerov v voprosakh i otvetakh, 1999:</subfield>
    <subfield code="b">p. 2 of cover (Atroshenko Sergeĭ Petrovich, S.P. Atroshenko; b. 1958 in Bri︠a︡nskai︠a︡ oblastʹ; elected chairman of the Partii︠a︡ pensionerov in 1997)</subfield>
  </datafield>
</record>